@book{Demtr,
author ={Demtroeder, Karl},
title ={Experimentalphysik 1},
publisher ={Springer Verlag},
year ={2010},
}

@book{Nolt,
author ={Nolting, Karl},
title ={Theoretische Physik 1},
publisher ={Springer Verlag},
year ={2010},
}

@book{Bart,
author ={Bartelmann, Karl},
title ={Theoretische Physik},
publisher ={Springer Verlag},
year ={2010},
}